<record><leader>00000cas a2200000 a 4500</leader><controlfield tag="001">34999385</controlfield><controlfield tag="008">960627d19861999nyuwr ne      0    0eng c</controlfield><datafield ind1=" " ind2=" " tag="010"><subfield code="a">sn2003060410</subfield></datafield><datafield ind1=" " ind2=" " tag="040"><subfield code="a">VVW</subfield><subfield code="b">eng</subfield><subfield code="c">VVW</subfield><subfield code="d">NYS</subfield><subfield code="d">OCLCQ</subfield><subfield code="d">OCLCF</subfield><subfield code="d">OCLCO</subfield></datafield><datafield ind1="1" ind2=" " tag="029"><subfield code="a">AU@</subfield><subfield code="b">000024855082</subfield></datafield><datafield ind1=" " ind2=" " tag="042"><subfield code="a">pcc</subfield></datafield><datafield ind1=" " ind2=" " tag="043"><subfield code="a">n-us-ny</subfield></datafield><datafield ind1="0" ind2="0" tag="245"><subfield code="a">Peekskill herald.</subfield></datafield><datafield ind1=" " ind2=" " tag="260"><subfield code="a">Peekskill, N.Y. :</subfield><subfield code="b">Highland Publications,</subfield><subfield code="c">1986-1999.</subfield></datafield><datafield ind1=" " ind2=" " tag="300"><subfield code="a">14 v. :</subfield><subfield code="b">ill. ;</subfield><subfield code="c">41 cm.</subfield></datafield><datafield ind1=" " ind2=" " tag="310"><subfield code="a">Weekly,</subfield><subfield code="b">July 10, 1986-</subfield></datafield><datafield ind1=" " ind2=" " tag="321"><subfield code="a">Biweekly,</subfield><subfield code="b">Jan. 9, 1986-June 26, 1986</subfield></datafield><datafield ind1="0" ind2=" " tag="362"><subfield code="a">Vol. 1, no. 1 (Jan. 9, 1986)-v. 14, no. 34 (Aug. 27, 1999).</subfield></datafield><datafield ind1=" " ind2=" " tag="500"><subfield code="a">Published every Thursday.</subfield></datafield><datafield ind1=" " ind2=" " tag="500"><subfield code="a">Publisher and editor: Regina J. Clarkin.</subfield></datafield><datafield ind1=" " ind2="0" tag="651"><subfield code="a">Buchanan (N.Y.)</subfield><subfield code="v">Newspapers.</subfield></datafield><datafield ind1=" " ind2="0" tag="651"><subfield code="a">Cortlandt (N.Y. : Town)</subfield><subfield code="v">Newspapers.</subfield></datafield><datafield ind1=" " ind2="0" tag="651"><subfield code="a">Peekskill (N.Y.)</subfield><subfield code="v">Newspapers.</subfield></datafield><datafield ind1=" " ind2="0" tag="651"><subfield code="a">Westchester County (N.Y.)</subfield><subfield code="v">Newspapers.</subfield></datafield><datafield ind1=" " ind2="7" tag="655"><subfield code="a">Newspapers.</subfield><subfield code="2">fast</subfield><subfield code="0">(OCoLC)fst01423814</subfield></datafield><datafield ind1=" " ind2="7" tag="651"><subfield code="a">New York (State)</subfield><subfield code="z">Buchanan.</subfield><subfield code="2">fast</subfield><subfield code="0">(OCoLC)fst01215827</subfield></datafield><datafield ind1=" " ind2="7" tag="651"><subfield code="a">New York (State)</subfield><subfield code="z">Cortlandt (Town)</subfield><subfield code="2">fast</subfield><subfield code="0">(OCoLC)fst01331603</subfield></datafield><datafield ind1=" " ind2="7" tag="651"><subfield code="a">New York (State)</subfield><subfield code="z">Peekskill.</subfield><subfield code="2">fast</subfield><subfield code="0">(OCoLC)fst01209452</subfield></datafield><datafield ind1=" " ind2="7" tag="651"><subfield code="a">New York (State)</subfield><subfield code="z">Westchester County.</subfield><subfield code="2">fast</subfield><subfield code="0">(OCoLC)fst01202684</subfield></datafield><datafield ind1=" " ind2=" " tag="752"><subfield code="a">United States</subfield><subfield code="b">New York</subfield><subfield code="c">Westchester</subfield><subfield code="d">Peekskill.</subfield></datafield><datafield ind1="0" ind2="0" tag="785"><subfield code="t">Peekskill-Cortlandt herald</subfield><subfield code="w">(DLC)sn2003060411</subfield><subfield code="w">(OCoLC)52815611</subfield></datafield></record>